 @misc{ img:graph,
 author = "Stefano Azevedo",
 title = "Formulas Fisica Ciência da Computação UESC",
 year = "2020",
 url = "\url{https://i.pinimg.com/originals/db/98/a7/db98a74534ecbcdfb5b39113822196c0.jpg}",
 note = "[Online; accessed 16-abril-2022]"
 
 } 
  
  @misc{ fonte:CInWiki,
   author = "Domínio Público",
   title = "Cin Wiki FI582",
   year = "2017",
   url = "\url{https://cin.ufpe.br/~pet/wiki/F%C3%ADsica_para_Computa%C3%A7%C3%A3o}",
   note = "[Online; accessed 16-abril-2022]"
 }
 
  @misc{ fonte:SIGA,
   author = "UFPE",
   title = "SIGA: Perfis Curriculares do Curso",
   year = "2022",
   url = "\url{https://siga.ufpe.br/ufpe/logado.jsf}",
   note = "[Online; accessed 16-abril-2022]"
 }
 
   @misc{ fonte:WIKI,
   author = "Atribuição Compartilhada",
   title = "Física computacional",
   year = "2021",
   url = "\url{https://pt.wikipedia.org/wiki/F%C3%ADsica_computacional}",
   note = "[Online; accessed 16-abril-2022]"
 }
 
   @misc{ fonte:FC,
   author = "Lohana Ribeiro",
   title = "FÍSICA COMPUTACIONAL",
   year = "2019",
   url = "\url{https://www.educamaisbrasil.com.br/enem/fisica/fisica-computacional}",
   note = "[Online; accessed 16-abril-2022]"
 }